
% BORRAR, SON UN EJEMPLO

% BORRAR HASTA AQUÍ, FIN DE LAS BIBLIOGRAFÍAS DE EJEMPLO
% ----------------------------------



@inbook{bib:front-end,
  author = "Estanislao Echazú / Ramiro Rodríguez",
  title = "Primer glosario de comunicación estratégica en español",
  publisher="fundéu BBVA",
  year = "2018",
  keywords="front-end"
  }
  
@online{bib:frontendybackend,
  author = "Piotr Stefaniak",
  title = "¿Qué es Back end y Front end?",
  howpublished = "\url{https://descubrecomunicacion.com/que-es-backend-y-frontend}",
  keywords = "front end, back end"
}
  
@online{bib:spring,
  author = "Luis Miguel López Magaña",
  title = "¿Qué es Spring framework?",
  howpublished = "\url{https://openwebinars.net/blog/que-es-spring-framework}",
  keywords = "Spring, Spring framework"
}

@online{bib:atlassian,
  title = "¿Qué es Spring framework?",
  howpublished = "\url{https://www.atlassian.com/es/software/jira}",
  keywords = "Spring, Spring framework"
}

@book{bib:wiki,
    author = "Dan Woods and Peter Thoeny",
    title = "Wikis For Dummies",
    publisher = "John Wiley & Sons Ltd",
    year = 2007,
    isbn = "978-0-470-04399-8"
}

@online{bib:mysql,
  title = "Oracle MySQL Database Service",
  howpublished = "\url{https://www.oracle.com/mysql/}",
  keywords = "MySQL, Oracle"
}

@online{bib:gitlab,
  author = "Rosselyn Barroyeta",
  title = "Todo lo que debes saber sobre GitLab, la mejor alternativa a GitHub",
  howpublished = "\url{https://www.tekcrispy.com/2018/06/04/gitlab-repositorio-github/}",
  keywords = "GitLab, GitHub"
}

@book{bib:ide,
    author = "María Dolores Lozano Pérez, Isidro Ramos Salavert",
    title = "Ingeniería del software y bases de datos: tendencias actuales",
    publisher = "Universidad de Castilla-La Mancha",
    year = 2000,
    isbn = "978-8-484-27077-5"
}

@online{bib:diferenciasHUCURequisitos,
  author = "Angel Luis Lozano Sánchez",
  title = "Requisitos vs Casos de Uso vs Historias de Usuario",
  howpublished = "\url{https://www.angellozano.com/requisitos-del-sistema-vs-casos-uso-vs-historias-usuario/}",
  keywords = "Requisitos, Casos de uso, Historias de usuario"
}

@online{bib:3ReglasOro,
  title = "Golden Rules of User Interface Design",
  howpublished = "\url{https://theomandel.com/resources/golden-rules-of-user-interface-design/}",
  keywords = "Theo Mandel, 3 reglas de oro"
}

@online{bib:url,
  title = "Significado de URL",
  howpublished = "\url{https://www.significados.com/url/}",
  keywords = "url"
}

@online{bib:angular-MVC,
  author = "Nacho Blanco",
  title = "¿Qué patrón usa Angular? MCV o MVVM",
  howpublished = "\url{https://openwebinars.net/blog/que-patron-usa-angular-mvc-o-mvvm/}",
  keywords = "MVC, MVVM"
}

@online{bib:uml,
  author = "César Krall",
  title = "¿Qué es y para qué sirve UML?",
  howpublished = "\url{https://www.aprenderaprogramar.com}",
  keywords = "UML"
}

@online{bib:cocomo,
  title = "COCOMO",
  howpublished = "\url{https://web.archive.org/web/20171211201210/http://sunset.usc.edu/csse/research/COCOMOII/cocomo_main.html}",
  keywords = "Requisitos, Casos de uso, Historias de usuario"
}

@misc{bib:cocomo,
  institution = "Center for Systems and Software Engineering, University of Southern California",
  title = "COCOMO",
  howpublished = "\url{https://web.archive.org/web/20171211201210/sunset.usc.edu/csse/research/COCOMOII/cocomo_main.html}",
  keywords = "COCOMO"
}

@misc{bib:cocomoClase,
  author = "Lledó Museros Cabedo",
  institution = "Universitat Jaume I",
  title = "Planificació: Gestió del temps i costos",
  howpublished = "\url{https://docs.google.com/presentation/d/1kO92py5Chmex-QUE1szJn2dImlhpE69oyfhzw3OricY/edit#slide=id.p1}",
  keywords = "COCOMO"
}