
% BORRAR, SON UN EJEMPLO

% BORRAR HASTA AQUÍ, FIN DE LAS BIBLIOGRAFÍAS DE EJEMPLO
% ----------------------------------



@inbook{bib:front-end,
  author = "Estanislao Echazú / Ramiro Rodríguez",
  title = "Primer glosario de comunicación estratégica en español",
  publisher="fundéu BBVA",
  year = "2018",
  keywords="front-end"
  }
  
@online{bib:frontendybackend,
  author = "Piotr Stefaniak",
  title = "¿Qué es Back end y Front end?",
  howpublished = "\url{https://descubrecomunicacion.com/que-es-backend-y-frontend}",
  keywords = "front end, back end"
}
  
@online{bib:spring,
  author = "Luis Miguel López Magaña",
  title = "¿Qué es Spring framework?",
  howpublished = "\url{https://openwebinars.net/blog/que-es-spring-framework}",
  keywords = "Spring, Spring framework"
}

@online{bib:atlassian,
  title = "¿Qué es Spring framework?",
  howpublished = "\url{https://www.atlassian.com/es/software/jira}",
  keywords = "Spring, Spring framework"
}

@book{bib:wiki,
    author = "Dan Woods and Peter Thoeny",
    title = "Wikis For Dummies",
    publisher = "John Wiley & Sons Ltd",
    year = 2007,
    isbn = "978-0-470-04399-8"
}

@online{bib:mysql,
  title = "Oracle MySQL Database Service",
  howpublished = "\url{https://www.oracle.com/mysql/}",
  keywords = "MySQL, Oracle"
}

@online{bib:gitlab,
  author = "Rosselyn Barroyeta",
  title = "Todo lo que debes saber sobre GitLab, la mejor alternativa a GitHub",
  howpublished = "\url{https://www.tekcrispy.com/2018/06/04/gitlab-repositorio-github/}",
  keywords = "GitLab, GitHub"
}

@book{bib:ide,
    author = "María Dolores Lozano Pérez, Isidro Ramos Salavert",
    title = "Ingeniería del software y bases de datos: tendencias actuales",
    publisher = "Universidad de Castilla-La Mancha",
    year = 2000,
    isbn = "978-8-484-27077-5"
}